%
% Bibliography
%
@article{troeger2017estimates,
  title={Estimates of the global, regional, and national morbidity, mortality, and aetiologies of lower respiratory tract infections in 195 countries: a systematic analysis for the Global Burden of Disease Study 2015},
  author={Troeger, Christopher and Forouzanfar, Mohammad and Rao, Puja C and Khalil, Ibrahim and Brown, Alexandria and Swartz, Scott and Fullman, Nancy and Mosser, Jonathan and Thompson, Robert L and Reiner Jr, Robert C and others},
  journal={The Lancet Infectious Diseases},
  volume={17},
  number={11},
  pages={1133--1161},
  year={2017},
  publisher={Elsevier}
}

@book{world2013pocket,
  title={Pocket book of hospital care for children: guidelines for the management of common childhood illnesses},
  author={World Health Organization},
  year={2013},
  publisher={World Health Organization}
}

@article{black2010global,
  title={Global, regional, and national causes of child mortality in 2008: a systematic analysis},
  author={Black, Robert E and Cousens, Simon and Johnson, Hope L and Lawn, Joy E and Rudan, Igor and Bassani, Diego G and Jha, Prabhat and Campbell, Harry and Walker, Christa Fischer and Cibulskis, Richard and others},
  journal={The lancet},
  volume={375},
  number={9730},
  pages={1969--1987},
  year={2010},
  publisher={Elsevier}
}

@misc{world2008manual,
  title={Manual for the health care of children in humanitarian emergencies},
  author={World Health Organization and others},
  year={2008},
  publisher={World Health Organization}
}

@article{mccollum2017outpatient,
  title={Outpatient management of children with World Health Organization chest indrawing pneumonia: implementation risks and proposed solutions},
  author={McCollum, Eric D and Ginsburg, Amy Sarah},
  journal={Clinical Infectious Diseases},
  volume={65},
  number={9},
  pages={1560--1564},
  year={2017},
  publisher={Oxford University Press US}
}

@misc{world2011integrated,
  title={Integrated management of childhood illness: caring for newborns and children in the community},
  author={World Health Organization and others},
  year={2011},
  publisher={World Health Organization}
}

@misc{chourpiliadis2019physiology,
  title={Physiology, Respiratory Rate},
  author={Chourpiliadis, Charilaos and Bhardwaj, Abhishek},
  year={2019},
  publisher={StatPearls Publishing}
}

@article{gadomski1993assessment,
  title={Assessment of respiratory rate and chest indrawing in children with ARI by primary care physicians in Egypt.},
  author={Gadomski, AM and Khallaf, Nagwa and El Ansary, Samy and Black, Robert E},
  journal={Bulletin of the World Health Organization},
  volume={71},
  number={5},
  pages={523},
  year={1993},
  publisher={World Health Organization}
}

@article{noordam2015use,
  title={The use of counting beads to improve the classification of fast breathing in low-resource settings: a multi-country review},
  author={Noordam, Aaltje Camielle and Barber{\'a} La{\'\i}nez, Yolanda and Sadruddin, Salim and van Heck, Pabla Maria and Chono, Alex Opio and Acaye, Geoffrey Larry and Lara, Victor and Nanyonjo, Agnes and Ocan, Charles and K{\"a}llander, Karin},
  journal={Health Policy and Planning},
  volume={30},
  number={6},
  pages={696--704},
  year={2015},
  publisher={Oxford University Press}
}

@article{ginsburg2018systematic,
  title={A systematic review of tools to measure respiratory rate in order to identify childhood pneumonia},
  author={Ginsburg, Amy Sarah and Lenahan, Jennifer L and Izadnegahdar, Rasa and Ansermino, J Mark},
  journal={American journal of respiratory and critical care medicine},
  volume={197},
  number={9},
  pages={1116--1127},
  year={2018},
  publisher={American Thoracic Society}
}

@article{cannesson2009recent,
  title={Recent advances in pulse oximetry},
  author={Cannesson, Maxime and Talke, Pekka},
  journal={F1000 medicine reports},
  volume={1},
  year={2009},
  publisher={Faculty of 1000 Ltd}
}

@article{tamura2014wearable,
  title={Wearable photoplethysmographic sensors—past and present},
  author={Tamura, Toshiyo and Maeda, Yuka and Sekine, Masaki and Yoshida, Masaki},
  journal={Electronics},
  volume={3},
  number={2},
  pages={282--302},
  year={2014},
  publisher={Multidisciplinary Digital Publishing Institute}
}

@article{castaneda2018review,
  title={A review on wearable photoplethysmography sensors and their potential future applications in health care},
  author={Castaneda, Denisse and Esparza, Aibhlin and Ghamari, Mohammad and Soltanpur, Cinna and Nazeran, Homer},
  journal={International journal of biosensors \& bioelectronics},
  volume={4},
  number={4},
  pages={195},
  year={2018},
  publisher={NIH Public Access}
}

@article{guo2015reflective,
  title={Reflective oxygen saturation monitoring at hypothenar and its validation by human hypoxia experiment},
  author={Guo, Tao and Cao, Zhengtao and Zhang, Zhengbo and Li, Deyu and Yu, Mengsun},
  journal={Biomedical engineering online},
  volume={14},
  number={1},
  pages={76},
  year={2015},
  publisher={Springer}
}

@article{mendelson1992pulse,
  title={Pulse oximetry: theory and applications for noninvasive monitoring},
  author={Mendelson, Yitzhak},
  journal={Clinical chemistry},
  volume={38},
  number={9},
  pages={1601--1607},
  year={1992},
  publisher={Oxford University Press}
}

@article{chan2013pulse,
  title={Pulse oximetry: understanding its basic principles facilitates appreciation of its limitations},
  author={Chan, Edward D and Chan, Michael M and Chan, Mallory M},
  journal={Respiratory medicine},
  volume={107},
  number={6},
  pages={789--799},
  year={2013},
  publisher={Elsevier}
}

@misc{staff2011technology,
  title={A Technology Overview of the Nellcor™ OxiMax Pulse Oximetry System},
  author={Staff, NT},
  journal={Medtronic, ed},
  pages={8},
  year={2011}
}

@inproceedings{grisan2015supervised,
  title={A supervised learning approach for the robust detection of heart beat in plethysmographic data},
  author={Grisan, Enrico and Cantisani, Giorgia and Tarroni, Giacomo and Yoon, Seung Keun and Rossi, Michele},
  booktitle={2015 37th Annual International Conference of the IEEE Engineering in Medicine and Biology Society (EMBC)},
  pages={5825--5828},
  year={2015},
  organization={IEEE}
}

@article{macintyre2014tissue,
  title={Tissue hypoxia: implications for the respiratory clinician},
  author={MacIntyre, Neil R},
  journal={Respiratory care},
  volume={59},
  number={10},
  pages={1590--1596},
  year={2014},
  publisher={Respiratory Care}
}

@article{areia2020protocol,
  title={Protocol for a prospective, controlled, cross-sectional, diagnostic accuracy study to evaluate the specificity and sensitivity of ambulatory monitoring systems in the prompt detection of hypoxia and during movement},
  author={Areia, Carlos and Vollam, Sarah and Piper, Philippa and King, Elizabeth and Ede, Jody and Young, Louise and Santos, Mauro and Pimentel, Marco AF and Roman, Cristian and Harford, Mirae and others},
  journal={BMJ open},
  volume={10},
  number={1},
  year={2020},
  publisher={British Medical Journal Publishing Group}
}

@misc{goldberg2005practical,
  title         = {A practical guide to clinical medicine},
  author        = {Goldberg, Charlie and Thompson, Jan},
  publisher     = {University of California San Diego},
  year          = {2005},
  url           = {https://meded.ucsd.edu/clinicalmed/vital.htm},
  note          = {[Online; accessed 14-May-2017]}
}

@Book{Ruanaidh1996,
  title         = {Numerical Bayesian Methods Applied to Signal Processing (Statistics and Computing)},
  author        = {Ruanaidh, Joseph and Fitzgerald, William},
  year          = {1996},
  publisher     = {Springer}
}

@inproceedings{villarroel2017non,
  title={Non-contact vital sign monitoring in the clinic},
  author={Villarroel, Mauricio and Jorge, Jo{\~a}o and Pugh, Chris and Tarassenko, Lionel},
  booktitle={2017 12th IEEE International Conference on Automatic Face \& Gesture Recognition (FG 2017)},
  pages={278--285},
  year={2017},
  organization={IEEE}
}

@article{tarassenko2014non,
  title={Non-contact video-based vital sign monitoring using ambient light and auto-regressive models},
  author={Tarassenko, L and Villarroel, M and Guazzi, A and Jorge, J and Clifton, DA and Pugh, C},
  journal={Physiological measurement},
  volume={35},
  number={5},
  pages={807},
  year={2014},
  publisher={IOP Publishing}
}
@article{villarroel2014continuous,
  title={Continuous non-contact vital sign monitoring in neonatal intensive care unit},
  author={Villarroel, Mauricio and Guazzi, Alessandro and Jorge, Jo{\~a}o and Davis, Sara and Watkinson, Peter and Green, Gabrielle and Shenvi, Asha and McCormick, Kenny and Tarassenko, Lionel},
  journal={Healthcare technology letters},
  volume={1},
  number={3},
  pages={87--91},
  year={2014},
  publisher={IET}
}

@article{humphreys2007noncontact,
  title={Noncontact simultaneous dual wavelength photoplethysmography: a further step toward noncontact pulse oximetry},
  author={Humphreys, Kenneth and Ward, Tomas and Markham, Charles},
  journal={Review of scientific instruments},
  volume={78},
  number={4},
  pages={044304},
  year={2007},
  publisher={American Institute of Physics}
}

@article{wieringa2005contactless,
  title={Contactless multiple wavelength photoplethysmographic imaging: A first step toward “SpO 2 camera” technology},
  author={Wieringa, Fokko P and Mastik, Frits and van der Steen, Antonius FW},
  journal={Annals of biomedical engineering},
  volume={33},
  number={8},
  pages={1034--1041},
  year={2005},
  publisher={Springer}
}

@article{elgendi2019use,
  title={The use of photoplethysmography for assessing hypertension},
  author={Elgendi, Mohamed and Fletcher, Richard and Liang, Yongbo and Howard, Newton and Lovell, Nigel H and Abbott, Derek and Lim, Kenneth and Ward, Rabab},
  journal={NPJ digital medicine},
  volume={2},
  number={1},
  pages={1--11},
  year={2019},
  publisher={Nature Publishing Group}
}

@article{verkruysse2008remote,
  title={Remote plethysmographic imaging using ambient light.},
  author={Verkruysse, Wim and Svaasand, Lars O and Nelson, J Stuart},
  journal={Optics express},
  volume={16},
  number={26},
  pages={21434--21445},
  year={2008},
  publisher={Optical Society of America}
}

@misc{savethechildren,
  title={Save the Children. Fighting for breath: a call to action on childhood pneumonia.},
  author={London: Save the Children},
  howpublished={\url{https://www.savethechildren. org.uk/content/dam/global/reports/health-and-nutrition/fighting-for- breath-low-res.pdf}},
  year={Accessed: 2020-10-31}
}

@article{sun2015photoplethysmography,
  title={Photoplethysmography revisited: from contact to noncontact, from point to imaging},
  author={Sun, Yu and Thakor, Nitish},
  journal={IEEE Transactions on Biomedical Engineering},
  volume={63},
  number={3},
  pages={463--477},
  year={2015},
  publisher={IEEE}
}

@article{ugnell1995time,
  title={The time-variable photoplethysmographic signal; dependence of the heart synchronous signal on wavelength and sample volume},
  author={Ugnell, H{\aa}kan and {\"O}berg, P{\AA}},
  journal={Medical engineering \& physics},
  volume={17},
  number={8},
  pages={571--578},
  year={1995},
  publisher={Elsevier}
}

@inproceedings{lien2008monitoring,
  title={Monitoring system with moving object detection based on MSN messenger},
  author={Lien, Chia-Hung and Chen, Po-Tsun and Bai, Ying-Wen and Lin, Ming-Bo},
  booktitle={2008 IEEE Instrumentation and Measurement Technology Conference},
  pages={229--234},
  year={2008},
  organization={IEEE}
}

@inproceedings{bai2010design,
  title={Design and implementation of an embedded monitor system for body breath detection by using image processing methods},
  author={Bai, Ying-Wen and Li, Wen-Tai and Yeh, Cheng-Hsiang},
  booktitle={2010 Digest of Technical Papers International Conference on Consumer Electronics (ICCE)},
  pages={193--194},
  year={2010},
  organization={IEEE}
}

@inproceedings{tan2010real,
  title={Real-time vision based respiration monitoring system},
  author={Tan, K Song and Saatchi, Reza and Elphick, Heather and Burke, Derek},
  booktitle={2010 7th International Symposium on Communication Systems, Networks \& Digital Signal Processing (CSNDSP 2010)},
  pages={770--774},
  year={2010},
  organization={IEEE}
}

@inproceedings{jorge2017non,
  title={Non-contact monitoring of respiration in the neonatal intensive care unit},
  author={Jorge, Joao and Villarroel, Mauricio and Chaichulee, Sitthichok and Guazzi, Alessandro and Davis, Sara and Green, Gabrielle and McCormick, Kenny and Tarassenko, Lionel},
  booktitle={2017 12th IEEE International Conference on Automatic Face \& Gesture Recognition (FG 2017)},
  pages={286--293},
  year={2017},
  organization={IEEE}
}

@article{madhi2008vaccines,
  title={Vaccines to prevent pneumonia and improve child survival},
  author={Madhi, Shabir A and Levine, Orin S and Hajjeh, Rana and Mansoor, Osman D and Cherian, Thomas},
  journal={Bulletin of the world Health Organization},
  volume={86},
  pages={365--372},
  year={2008},
  publisher={SciELO Public Health}
}

@article{ali2013role,
  title={Role of human metapneumovirus, influenza A virus and respiratory syncytial virus in causing WHO-defined severe pneumonia in children in a developing country},
  author={Ali, Asad and Khowaja, Asif Raza and Bashir, Maaman Zahoor and Aziz, Fatima and Mustafa, Sultan and Zaidi, Anita},
  journal={PloS one},
  volume={8},
  number={9},
  pages={e74756},
  year={2013},
  publisher={Public Library of Science}
}

@article{ayieko2007case,
  title={Case management of childhood pneumonia in developing countries},
  author={Ayieko, Philip and English, Mike},
  journal={The Pediatric infectious disease journal},
  volume={26},
  number={5},
  pages={432},
  year={2007},
  publisher={Europe PMC Funders}
}

@book{wardlaw2006pneumonia,
  title={Pneumonia: the forgotten killer of children},
  author={Wardlaw, Tessa M and Johansson, Emily White and Hodge, Matthew J},
  year={2006},
  publisher={Unicef}
}

@article{cherian2005standardized,
  title={Standardized interpretation of paediatric chest radiographs for the diagnosis of pneumonia in epidemiological studies},
  author={Cherian, Thomas and Mulholland, E Kim and Carlin, John B and Ostensen, Harald and Amin, Ruhul and Campo, Margaret de and Greenberg, David and Lagos, Rosanna and Lucero, Marilla and Madhi, Shabir A and others},
  journal={Bulletin of the World Health Organization},
  volume={83},
  pages={353--359},
  year={2005},
  publisher={SciELO Public Health}
}

@article{troeger2018estimates,
  title={Estimates of the global, regional, and national morbidity, mortality, and aetiologies of lower respiratory infections in 195 countries, 1990--2016: a systematic analysis for the Global Burden of Disease Study 2016},
  author={Troeger, Christopher and Blacker, Brigette and Khalil, Ibrahim A and Rao, Puja C and Cao, Jackie and Zimsen, Stephanie RM and Albertson, Samuel B and Deshpande, Aniruddha and Farag, Tamer and Abebe, Zegeye and others},
  journal={The Lancet infectious diseases},
  volume={18},
  number={11},
  pages={1191--1210},
  year={2018},
  publisher={Elsevier}
}

@article{zar2013pneumonia,
  title={Pneumonia in low and middle income countries: progress and challenges},
  author={Zar, HJ and Madhi, SA and Aston, SJ and Gordon, SB},
  journal={Thorax},
  volume={68},
  number={11},
  pages={1052--1056},
  year={2013},
  publisher={BMJ Publishing Group Ltd}
}

@article{murdoch2009breathing,
  title={Breathing new life into pneumonia diagnostics},
  author={Murdoch, David R and O'Brien, Katherine L and Scott, J Anthony G and Karron, Ruth A and Bhat, Niranjan and Driscoll, Amanda J and Knoll, Maria Deloria and Levine, Orin S},
  journal={Journal of clinical microbiology},
  volume={47},
  number={11},
  pages={3405--3408},
  year={2009},
  publisher={Am Soc Microbiol}
}

@article{mccracken2000diagnosis,
  title={Diagnosis and management of pneumonia in children},
  author={Mccracken Jr, George H and others},
  journal={The Pediatric infectious disease journal},
  volume={19},
  number={9},
  pages={924--928},
  year={2000},
  publisher={LWW}
}

@article{shah2017does,
  title={Does this child have pneumonia?: the rational clinical examination systematic review},
  author={Shah, Sonal N and Bachur, Richard G and Simel, David L and Neuman, Mark I},
  journal={Jama},
  volume={318},
  number={5},
  pages={462--471},
  year={2017},
  publisher={American Medical Association}
}

@article{rudan2013epidemiology,
  title={Epidemiology and etiology of childhood pneumonia in 2010: estimates of incidence, severe morbidity, mortality, underlying risk factors and causative pathogens for 192 countries},
  author={Rudan, Igor and O’brien, Katherine L and Nair, Harish and Liu, Li and Theodoratou, Evropi and Qazi, Shamim and Luk{\v{s}}i{\'c}, Ivana and Walker, Christa L Fischer and Black, Robert E and Campbell, Harry and others},
  journal={Journal of global health},
  volume={3},
  number={1},
  year={2013},
  publisher={International Society for Global Health}
}

@article{graham2008challenges,
  title={Challenges to improving case management of childhood pneumonia at health facilities in resource-limited settings},
  author={Graham, Stephen M and English, Mike and Hazir, Tabish and Enarson, Penny and Duke, Trevor},
  journal={Bulletin of the World Health Organization},
  volume={86},
  pages={349--355},
  year={2008},
  publisher={SciELO Public Health}
}

@article{weber1998pulse,
  title={Pulse oximetry in devloping Countries},
  author={Weber, Martin W and Mulholland, E Kim},
  journal={The Lancet},
  volume={351},
  number={9115},
  pages={1589},
  year={1998},
  publisher={Elsevier}
}
@article{subhi2009prevalence,
  title={The prevalence of hypoxaemia among ill children in developing countries: a systematic review},
  author={Subhi, Rami and Adamson, Matthew and Campbell, Harry and Weber, Martin and Smith, Katherine and Duke, Trevor and Hypoxaemia in Developing Countries Study Group and others},
  journal={The Lancet infectious diseases},
  volume={9},
  number={4},
  pages={219--227},
  year={2009},
  publisher={Elsevier}
}

@article{duke2009pulse,
  title={Pulse oximetry: technology to reduce child mortality in developing countries},
  author={Duke, Trevor and Subhi, Rami and Peel, David and Frey, Bernhard},
  journal={Annals of tropical paediatrics},
  volume={29},
  number={3},
  pages={165--175},
  year={2009},
  publisher={Taylor \& Francis}
}

@article{ginsburg2013innovations,
  title={Innovations in pneumonia diagnosis and treatment: a call to action on World Pneumonia Day, 2013},
  author={Ginsburg, Amy Sarah and Sadruddin, Salim and Klugman, Keith P},
  journal={The Lancet Global Health},
  volume={1},
  number={6},
  pages={e326--e327},
  year={2013},
  publisher={Elsevier}
}

@article{goodman2019challenges,
  title={Challenges in the diagnosis of paediatric pneumonia in intervention field trials: recommendations from a pneumonia field trial working group},
  author={Goodman, Dina and Crocker, Mary E and Pervaiz, Farhan and McCollum, Eric D and Steenland, Kyle and Simkovich, Suzanne M and Miele, Catherine H and Hammitt, Laura L and Herrera, Phabiola and Zar, Heather J and others},
  journal={The Lancet Respiratory Medicine},
  volume={7},
  number={12},
  pages={1068--1083},
  year={2019},
  publisher={Elsevier}
}

@article{pervaiz2018building,
  title={Building a prediction model for radiographically confirmed pneumonia in peruvian children: from symptoms to imaging},
  author={Pervaiz, Farhan and Chavez, Miguel A and Ellington, Laura E and Grigsby, Matthew and Gilman, Robert H and Miele, Catherine H and Figueroa-Quintanilla, Dante and Compen-Chang, Patricia and Marin-Concha, Julio and McCollum, Eric D and others},
  journal={Chest},
  volume={154},
  number={6},
  pages={1385--1394},
  year={2018},
  publisher={Elsevier}
}

@article{sarkar2015auscultation,
  title={Auscultation of the respiratory system},
  author={Sarkar, Malay and Madabhavi, Irappa and Niranjan, Narasimhalu and Dogra, Megha},
  journal={Annals of thoracic medicine},
  volume={10},
  number={3},
  pages={158},
  year={2015},
  publisher={Wolters Kluwer--Medknow Publications}
}

@article{karlen2014improving,
  title={Improving the accuracy and efficiency of respiratory rate measurements in children using mobile devices},
  author={Karlen, Walter and Gan, Heng and Chiu, Michelle and Dunsmuir, Dustin and Zhou, Guohai and Dumont, Guy A and Ansermino, J Mark},
  journal={PloS one},
  volume={9},
  number={6},
  pages={e99266},
  year={2014},
  publisher={Public Library of Science}
}

@article{villarroel2019non,
  title={Non-contact physiological monitoring of preterm infants in the Neonatal Intensive Care Unit},
  author={Villarroel, Mauricio and Chaichulee, Sitthichok and Jorge, Jo{\~a}o and Davis, Sara and Green, Gabrielle and Arteta, Carlos and Zisserman, Andrew and McCormick, Kenny and Watkinson, Peter and Tarassenko, Lionel},
  journal={NPJ digital medicine},
  volume={2},
  number={1},
  pages={1--18},
  year={2019},
  publisher={Nature Publishing Group}
}

@article{mcallister2019global,
  title={Global, regional, and national estimates of pneumonia morbidity and mortality in children younger than 5 years between 2000 and 2015: a systematic analysis},
  author={McAllister, David A and Liu, Li and Shi, Ting and Chu, Yue and Reed, Craig and Burrows, John and Adeloye, Davies and Rudan, Igor and Black, Robert E and Campbell, Harry and others},
  journal={The Lancet Global Health},
  volume={7},
  number={1},
  pages={e47--e57},
  year={2019},
  publisher={Elsevier}
}

@article{stagno1981infant,
  title={Infant pneumonitis associated with cytomegalovirus, Chlamydia, Pneumocystis, and Ureaplasma: a prospective study},
  author={Stagno, Sergio and Brasfield, Dana M and Brown, Mary B and Cassell, Gail H and Pifer, Linda L and Whitley, Richard J and Tiller, Ralph E},
  journal={Pediatrics},
  volume={68},
  number={3},
  pages={322--329},
  year={1981},
  publisher={Am Acad Pediatrics}
}

@article{GRANT2009185,
title = "Recommendations for treatment of childhood non-severe pneumonia",
journal = "The Lancet Infectious Diseases",
volume = "9",
number = "3",
pages = "185 - 196",
year = "2009",
issn = "1473-3099",
doi = "https://doi.org/10.1016/S1473-3099(09)70044-1",
url = "http://www.sciencedirect.com/science/article/pii/S1473309909700441",
author = "Gavin B Grant and Harry Campbell and Scott F Dowell and Stephen M Graham and Keith P Klugman and E Kim Mulholland and Mark Steinhoff and Martin W Weber and Shamim Qazi"}

@article{russell2019impact,
  title={Impact of the change in WHO’s severe pneumonia case definition on hospitalized pneumonia epidemiology: case studies from six countries},
  author={Russell, Fiona M and Reyburn, Rita and Chan, Jocelyn and Tuivaga, Evelyn and Lim, Ruth and Lai, Jana and Van, Hoang Minh Tu and Choummanivong, Molina and Sychareun, Vanphanom and Khanh, Dung Khu Thi and others},
  journal={Bulletin of the World Health Organization},
  volume={97},
  number={6},
  pages={386},
  year={2019},
  publisher={World Health Organization}
}

@article{addison2012developing,
  title={Developing an algorithm for pulse oximetry derived respiratory rate (RR oxi): A healthy volunteer study},
  author={Addison, Paul S and Watson, James N and Mestek, Michael L and Mecca, Roger S},
  journal={Journal of clinical monitoring and computing},
  volume={26},
  number={1},
  pages={45--51},
  year={2012},
  publisher={Springer}
}

@article{nakajima1996monitoring,
  title={Monitoring of heart and respiratory rates by photoplethysmography using a digital filtering technique},
  author={Nakajima, K and Tamura, T and Miike, H},
  journal={Medical engineering \& physics},
  volume={18},
  number={5},
  pages={365--372},
  year={1996},
  publisher={Elsevier}
}

@article{fleming2007comparison,
  title={A comparison of signal processing techniques for the extraction of breathing rate from the photoplethysmogram},
  author={Fleming, Susannah G and Tarassenko, Lionel},
  journal={Int. J. Biol. Med. Sci},
  volume={2},
  number={4},
  pages={232--236},
  year={2007}
}

@article{lee2010respiratory,
  title={Respiratory rate extraction via an autoregressive model using the optimal parameter search criterion},
  author={Lee, Jinseok and Chon, Ki H},
  journal={Annals of biomedical engineering},
  volume={38},
  number={10},
  pages={3218--3225},
  year={2010},
  publisher={Springer}
}

@article{takalo2005tutorial,
  title={Tutorial on univariate autoregressive spectral analysis},
  author={Takalo, Reijo and Hytti, Heli and Ihalainen, Heimo},
  journal={Journal of clinical monitoring and computing},
  volume={19},
  number={6},
  pages={401--410},
  year={2005},
  publisher={Springer}
}

@article{arulampalam2002tutorial,
  title={A tutorial on particle filters for online nonlinear/non-Gaussian Bayesian tracking},
  author={Arulampalam, M Sanjeev and Maskell, Simon and Gordon, Neil and Clapp, Tim},
  journal={IEEE Transactions on signal processing},
  volume={50},
  number={2},
  pages={174--188},
  year={2002},
  publisher={Ieee}
}

@article{hong2007design,
  title={Design methodology for domain specific parameterizable particle filter realizations},
  author={Hong, Sangjin and Lee, Jinseok and Athalye, Akshay and Djuric, Petar M and Cho, We-Duke},
  journal={IEEE Transactions on Circuits and Systems I: Regular Papers},
  volume={54},
  number={9},
  pages={1987--2000},
  year={2007},
  publisher={IEEE}
}

@inproceedings{cernat2014real,
  title={Real-time extraction of the respiratory rate from photoplethysmographic signals using wearable devices},
  author={Cernat, Roxana Alexandra and Ungureanu, Constantin and Aarts, RM and Arends, JBAM},
  booktitle={Proceedings of the European Conference on Ambient Intelligence, Eindhoven, The Netherlands},
  pages={11--13},
  year={2014}
}

@article{nilsson2000monitoring,
  title={Monitoring of respiratory rate in postoperative care using a new photoplethysmographic technique},
  author={Nilsson, Lena and Johansson, Anders and Kalman, Sigga},
  journal={Journal of clinical monitoring and computing},
  volume={16},
  number={4},
  pages={309--315},
  year={2000},
  publisher={Springer}
}

@article{gupta2019skin,
  title={Skin typing: Fitzpatrick grading and others},
  author={Gupta, Vishal and Sharma, Vinod Kumar},
  journal={Clinics in Dermatology},
  volume={37},
  number={5},
  pages={430--436},
  year={2019},
  publisher={Elsevier}
}

@article{zhang2014troika,
  title={TROIKA: A general framework for heart rate monitoring using wrist-type photoplethysmographic signals during intensive physical exercise},
  author={Zhang, Zhilin and Pi, Zhouyue and Liu, Benyuan},
  journal={IEEE Transactions on biomedical engineering},
  volume={62},
  number={2},
  pages={522--531},
  year={2014},
  publisher={IEEE}
}

@article{gupta2010oxygen,
  title={Oxygen saturation and pneumonia: a complement to current practice or another burden for the GP?},
  author={Gupta, Vandana and Woodhead, Mark},
  journal={Primary care respiratory journal: journal of the General Practice Airways Group},
  volume={19},
  number={4},
  pages={301},
  year={2010},
  publisher={Nature Publishing Group}
}

@article{bailon2006robust,
  title={A robust method for ECG-based estimation of the respiratory frequency during stress testing},
  author={Bail{\'o}n, Raquel and Sornmo, Leif and Laguna, Pablo},
  journal={IEEE transactions on biomedical engineering},
  volume={53},
  number={7},
  pages={1273--1285},
  year={2006},
  publisher={IEEE}
}

@article{majumdar2011oxygen,
  title={Oxygen saturations less than 92\% are associated with major adverse events in outpatients with pneumonia: a population-based cohort study},
  author={Majumdar, Sumit R and Eurich, Dean T and Gamble, John-Michael and Senthilselvan, A and Marrie, Thomas J},
  journal={Clinical infectious diseases},
  volume={52},
  number={3},
  pages={325--331},
  year={2011},
  publisher={The University of Chicago Press}
}

@phdthesis{chaichulee2018non,
  title={Non-contact vital sign monitoring of pre-term infants},
  author={Chaichulee, Sitthichok},
  year={2018},
  school={University of Oxford}
}

@article{bastawrous2013mobile,
  title={Mobile health use in low-and high-income countries: an overview of the peer-reviewed literature},
  author={Bastawrous, Andrew and Armstrong, Matthew J},
  journal={Journal of the royal society of medicine},
  volume={106},
  number={4},
  pages={130--142},
  year={2013},
  publisher={SAGE Publications Sage UK: London, England}
}

@article{ginsburg2015mpneumonia,
  title={mPneumonia: development of an innovative mHealth application for diagnosing and treating childhood pneumonia and other childhood illnesses in low-resource settings},
  author={Ginsburg, Amy Sarah and Delarosa, Jaclyn and Brunette, Waylon and Levari, Shahar and Sundt, Mitch and Larson, Clarice and Agyemang, Charlotte Tawiah and Newton, Sam and Borriello, Gaetano and Anderson, Richard},
  journal={PloS one},
  volume={10},
  number={10},
  pages={e0139625},
  year={2015},
  publisher={Public Library of Science}
}

@phdthesis{naydenova2018machine,
  title={Machine learning for childhood pneumonia diagnosis},
  author={Naydenova, Elina},
  year={2018},
  school={University of Oxford}
}

@article{breteler2018reliability,
  title={Reliability of wireless monitoring using a wearable patch sensor in high-risk surgical patients at a step-down unit in the Netherlands: a clinical validation study},
  author={Breteler, Martine JM and Huizinga, Erik and van Loon, Kim and Leenen, Luke PH and Dohmen, Daan AJ and Kalkman, Cor J and Blokhuis, Taco J},
  journal={BMJ open},
  volume={8},
  number={2},
  pages={e020162},
  year={2018},
  publisher={British Medical Journal Publishing Group}
}

@misc{bonato2005advances,
  title={Advances in wearable technology and applications in physical medicine and rehabilitation},
  author={Bonato, Paolo},
  year={2005},
  publisher={BioMed Central}
}